

@ARTICLE{
https://www.educba.com/cryptography-techniques/
Author : Swati Tawde
}